<collection>
<record>
<leader>03074cpcaa22005417i 4500</leader>
<controlfield tag="001">19532987</controlfield>
<controlfield tag="005">20191008081105.0</controlfield>
<controlfield tag="008">170301i19622013deu eng </controlfield>
<datafield ind1=" " ind2=" " tag="906">
<subfield code="a">7</subfield>
<subfield code="b">cbc</subfield>
<subfield code="c">orignew</subfield>
<subfield code="d">u</subfield>
<subfield code="e">ncip</subfield>
<subfield code="f">20</subfield>
<subfield code="g">y-folklife</subfield>
</datafield>
<datafield ind1=" " ind2=" " tag="955">
<subfield code="a">mkru 2017-03-01</subfield>
<subfield code="a">mseg 2017-03-09</subfield>
<subfield code="a">mseg 2017-06-05</subfield>
<subfield code="a">mkru 2018-01-11</subfield>
<subfield code="a">mler 2019-07-24</subfield>
<subfield code="a">mler 2019-08-12</subfield>
<subfield code="a">mler 2019-08-27</subfield>
<subfield code="a">mler 2019-09-23</subfield>
<subfield code="a">mler 2019-10-07</subfield>
<subfield code="a">kere 2019-10-07</subfield>
<subfield code="a">masmit 2019-10-08</subfield>
</datafield>
<datafield ind1=" " ind2=" " tag="010">
<subfield code="a"> 2017655215</subfield>
</datafield>
<datafield ind1=" " ind2=" " tag="040">
<subfield code="a">DLC</subfield>
<subfield code="b">eng</subfield>
<subfield code="e">dacs</subfield>
<subfield code="c">DLC</subfield>
</datafield>
<datafield ind1=" " ind2=" " tag="043">
<subfield code="a">n-us---</subfield>
</datafield>
<datafield ind1=" " ind2=" " tag="090">
<subfield code="a">
VBX 6019-6061 (U-matic); VTC 2689-2698 (videoreels); VAS 7454
</subfield>
</datafield>
<datafield ind1=" " ind2=" " tag="090">
<subfield code="a">IDB 52570-52571</subfield>
</datafield>
<datafield ind1=" " ind2=" " tag="090">
<subfield code="a">AFC 2015/043</subfield>
</datafield>
<datafield ind1="0" ind2="0" tag="245">
<subfield code="a">David Bromberg collection,</subfield>
<subfield code="f">circa 1962-2013.</subfield>
</datafield>
<datafield ind1=" " ind2=" " tag="300">
<subfield code="a">760 items (6 linear feet)</subfield>
</datafield>
<datafield ind1=" " ind2=" " tag="300">
<subfield code="3">moving images</subfield>
<subfield code="a">61 videocassettes (U-Matic) :</subfield>
<subfield code="b">sound, color ;</subfield>
<subfield code="c">3/4 in.</subfield>
</datafield>
<datafield ind1=" " ind2=" " tag="300">
<subfield code="3">moving images</subfield>
<subfield code="a">10 video reels :</subfield>
<subfield code="b">sound, color ;</subfield>
<subfield code="c">1 in.</subfield>
</datafield>
<datafield ind1=" " ind2=" " tag="300">
<subfield code="3">moving images</subfield>
<subfield code="a">1 videocassette (VHS) :</subfield>
<subfield code="b">sound, color.</subfield>
</datafield>
<datafield ind1=" " ind2=" " tag="300">
<subfield code="3">sound recordings</subfield>
<subfield code="a">2 sound discs (acetate) :</subfield>
<subfield code="b">analog ;</subfield>
<subfield code="c">12 in.</subfield>
</datafield>
<datafield ind1=" " ind2=" " tag="300">
<subfield code="3">graphic images</subfield>
<subfield code="a">133 photographs :</subfield>
<subfield code="b">prints, black and white, color.</subfield>
</datafield>
<datafield ind1=" " ind2=" " tag="300">
<subfield code="3">manuscripts</subfield>
<subfield code="a">62</subfield>
<subfield code="f">folders (550 items)</subfield>
</datafield>
<datafield ind1=" " ind2=" " tag="520">
<subfield code="a">
Collection of video recordings, photographs, promotional and publicity materials, clippings, posters, and ephemera from the career of David Bromberg, musician, singer-songwriter, and luthier, from around 1962 to 2013, including recordings of his performances at concerts and folk festivals around the United States as well as overseas and various interviews with Bromberg. Includes photographs of other folk music and popular music performers.
</subfield>
</datafield>
<datafield ind1="8" ind2=" " tag="524">
<subfield code="a">
David Bromberg collection (AFC 2015/043), Archive of Folk Culture, American Folklife Center, Library of Congress, Washington, D.C.
</subfield>
</datafield>
<datafield ind1="1" ind2=" " tag="506">
<subfield code="a">
Access may be restricted. To request materials, please contact the Folklife Reading Room at
</subfield>
<subfield code="u">http://hdl.loc.gov/loc.afc/folklife.contact</subfield>
</datafield>
<datafield ind1=" " ind2=" " tag="540">
<subfield code="a">
Duplication of collection materials may be governed by copyright and other restrictions.
</subfield>
</datafield>
<datafield ind1=" " ind2=" " tag="541">
<subfield code="a">David Bromberg and Nancy Josephson;</subfield>
<subfield code="c">Donation;</subfield>
<subfield code="d">2015.</subfield>
</datafield>
<datafield ind1=" " ind2=" " tag="546">
<subfield code="a">In English.</subfield>
</datafield>
<datafield ind1="0" ind2=" " tag="555">
<subfield code="a">Finding aid is available online</subfield>
<subfield code="u">http://hdl.loc.gov/loc.afc/eadafc.af019008</subfield>
</datafield>
<datafield ind1="1" ind2="0" tag="600">
<subfield code="a">Bromberg, David,</subfield>
<subfield code="d">1945-</subfield>
</datafield>
<datafield ind1="1" ind2="0" tag="600">
<subfield code="a">Josephson, Nancy,</subfield>
<subfield code="d">1955-</subfield>
</datafield>
<datafield ind1=" " ind2="0" tag="650">
<subfield code="a">Folk singers</subfield>
<subfield code="z">United States</subfield>
<subfield code="v">Interviews.</subfield>
</datafield>
<datafield ind1=" " ind2="0" tag="650">
<subfield code="a">Popular music</subfield>
<subfield code="z">United States.</subfield>
</datafield>
<datafield ind1=" " ind2="0" tag="650">
<subfield code="a">Blues (Music)</subfield>
</datafield>
<datafield ind1=" " ind2="0" tag="650">
<subfield code="a">Folk festivals</subfield>
<subfield code="z">United States.</subfield>
</datafield>
<datafield ind1=" " ind2="0" tag="650">
<subfield code="a">Folk music</subfield>
<subfield code="z">United States.</subfield>
</datafield>
<datafield ind1=" " ind2="7" tag="655">
<subfield code="a">Filmed interviews.</subfield>
<subfield code="2">lcgft</subfield>
</datafield>
<datafield ind1=" " ind2="7" tag="655">
<subfield code="a">Photographs.</subfield>
<subfield code="2">aat</subfield>
</datafield>
<datafield ind1=" " ind2="7" tag="655">
<subfield code="a">Correspondence.</subfield>
<subfield code="2">aat</subfield>
</datafield>
<datafield ind1=" " ind2="7" tag="655">
<subfield code="a">Posters.</subfield>
<subfield code="2">gmgpc</subfield>
</datafield>
<datafield ind1=" " ind2="7" tag="655">
<subfield code="a">Clippings.</subfield>
<subfield code="2">gmgpc</subfield>
</datafield>
<datafield ind1="1" ind2=" " tag="700">
<subfield code="a">Bromberg, David,</subfield>
<subfield code="d">1945-</subfield>
<subfield code="e">collector,</subfield>
<subfield code="e">performer.</subfield>
</datafield>
<datafield ind1=" " ind2=" " tag="852">
<subfield code="a">Library of Congress</subfield>
<subfield code="b">Archive of Folk Culture, American Folklife Center,</subfield>
<subfield code="e">
101 Independence Ave. S.E., Washington, DC USA 20540-4610
</subfield>
<subfield code="u">http://hdl.loc.gov/loc.afc/folklife.home</subfield>
</datafield>
<datafield ind1="4" ind2="2" tag="856">
<subfield code="3">Finding aid</subfield>
<subfield code="u">http://hdl.loc.gov/loc.afc/eadafc.af019008</subfield>
</datafield>
<datafield ind1=" " ind2=" " tag="985">
<subfield code="a">afc/coll</subfield>
</datafield>
<datafield ind1=" " ind2=" " tag="985">
<subfield code="a">afc/ead</subfield>
</datafield>
</record>
</collection>